101 02100002012345678902606182032A094101JPMORGAN CHASE BANK    INTELLIMATCH CORP              
5200INTELLIMATCH COR                    1234567890CCDPAYMENTS        260618   1021000020000001
62202600014960001            0007138152REF64731004    Bond coupon payment     0021000020000001
62202600009710002            0039035642REF71002071    Deposit received        0021000020000002
62202600014920002            0043056424REF26523513    FX contract settlement  0021000020000003
62206100015920001            0026925665REF81854541    Customer payment recei  0021000020000004
62202600014940002            0019301030REF88205335    Trade settlement recei  0021000020000005
62702600014910001            0012538118REF62131885    Insurance premium paym  0021000020000006
62702600009770001            0034302567REF21187817    Utility payment         0021000020000007
62206100015910002            0036593308REF93527310    Commission income       0021000020000008
62202600009740002            0042208915REF97145932    SEPA credit transfer    0021000020000009
62702600009730001            0047536155REF45472553    Supplier payment        0021000020000010
62702600009770001            0036453333REF78482377    Bond redemption         0021000020000011
62702100003470001            0000870947REF82544798    Payroll disbursement    0021000020000012
62202100003430001            0040339630REF25239216    FX contract settlement  0021000020000013
62702600009710001            0001268731REF93123273    Service fee payment     0021000020000014
62702600014970001            0015509301REF33599077-1  Wire transfer outbound  0021000020000015
62702100002170001            0014682046REF33599077-2  Interest expense        0021000020000016
62702600009770001            0018453916REF33599077-3  Service fee payment     0021000020000017
62202100002110001            0014983834REF58178683-1  Commission income       0021000020000018
62202100024110001            0020344967REF58178683-2  Deposit received        0021000020000019
62202600009770001            0018669227REF20190599-1  Customer payment recei  0021000020000020
62202100024170001            0016140349REF20190599-2  Deposit received        0021000020000021
62202600014970001            0014776794REF20190599-3  Equity sale proceeds    0021000020000022
62702100024120001            0047943480REF79667043    Rent payment            0021000020000023
62702600014910002            0001169217REF42271499    Service fee payment     0021000020000024
62702100002130001            0005162700REF41162831    Interest expense        0021000020000025
820000002500680002840002358905110003395139371234567890                         021000020000001
9000001000003000000250068000284000235890511000339513937                                       
9999999999999999999999999999999999999999999999999999999999999999999999999999999999999999999999