01,BANKID001,CORPID001,20260618,1200,589167,,,2/
02,BANKID001,CORPID001,1,20260618,1200,,2/
03,FR7614508059144921279050070,BANKID001,CHF,260103,,015,22376822,050,300,055,300/
16,570,23590658,0,BNK866008327,REF74271418,SEPA direct debit/
16,100,47500388,0,BNK797714266,REF90051694,Customer payment received/
16,560,13471714,0,BNK578190036,REF25014464,Commission expense/
16,460,7944085,0,BNK628173860,REF31130981,Customer payment received/
16,410,1764620,0,BNK537217738,REF34875272,Customer advance payment/
16,475,1122803,0,BNK282294820,REF74828187,Invoice payment to vendor/
49,117771090,8/
03,US123456789012345678,BANKID001,CAD,260131,,015,33699173,050,300,055,200/
16,475,22800310,0,BNK797343380,REF19656106,Invoice payment to vendor/
16,100,49908010,0,BNK601244954,REF76441025,Grant proceeds/
16,510,15425846,0,BNK207990777,REF34146396,ACH debit settlement/
16,410,37863583,0,BNK952989409,REF80042475,ACH credit settlement/
16,100,7788686,0,BNK979799247,REF20363121,Payroll funding/
49,167485608,7/
03,DE89370400440532013000,BANKID001,GBP,260109,,015,9016661,050,500,055,700/
16,570,12744370,0,BNK924482958,REF66537631,Insurance premium payment/
16,550,40957654,0,BNK900542010,REF86372912,Intercompany transfer out/
16,570,11436591,0,BNK650496521,REF72875575,Service fee payment/
16,560,46893132,0,BNK335758307,REF69567131,Insurance premium payment/
16,400,20720707,0,BNK299864372,REF56590667,Equity sale proceeds/
16,450,27820272,0,BNK503212212,REF53786794,Customer advance payment/
16,100,27560795,0,BNK769192714,REF68445622,FX contract settlement/
16,500,16622619,0,BNK390465728,REF75424895,ACH debit settlement/
16,570,25682300,0,BNK348122407,REF48564303,Cheque payment/
16,410,26370817,0,BNK619127482,REF11362117,Customer advance payment/
16,400,25158062,0,BNK796952420,REF14434442,Intercompany transfer out/
16,100,20637094,0,BNK361182873,REF13036009,Trade settlement receipt/
49,311621074,14/
03,GB29NWBK60161331926819,BANKID001,EUR,260314,,015,32239483,050,200,055,0/
16,470,6648365,0,BNK383174399,REF91931094,Grant proceeds/
16,100,13664113,0,BNK593317178,REF86609948,Customer advance payment/
49,52551961,4/
03,AU123456789012345,BANKID001,CAD,260103,,015,23015061,050,200,055,300/
16,410,33364072,0,BNK719965200,REF16063948,Bond coupon payment/
16,570,30911039,0,BNK491088965,REF77550055,Cheque payment/
16,570,6023415,0,BNK133620726,REF11874214,Tax remittance/
16,100,19769928,0,BNK121933430,REF73616840,Grant proceeds/
16,510,22508800,0,BNK445383076,REF15839516,Rent payment/
49,135592315,7/
98,785022048,5,43/
99,785022048,1,45/