101 02100002012345678902606182032A094101JPMORGAN CHASE BANK    INTELLIMATCH CORP              
5200INTELLIMATCH COR                    1234567890CCDPAYMENTS        260618   1021000020000001
622021000241GB29NWBK6016133190007138152REF64731004    Refund received         0021000020000001
622021000283FR7614508059144920039035642REF71002071    FX contract settlement  0021000020000002
622026000149FR7614508059144920043056424REF26523513    Refund received         0021000020000003
622021000241GB29NWBK6016133190026925665REF81854541    Sales proceeds          0021000020000004
622061000159AU1234567890123450019301030REF88205335    Commission income       0021000020000005
627061000159DE8937040044053200012538118REF62131885    Rent payment            0021000020000006
627021000306US1234567890123450034302567REF21187817    Supplier payment        0021000020000007
622021000241DE8937040044053200036593308REF93527310    SEPA credit transfer    0021000020000008
622021000021AU1234567890123450042208915REF97145932    Deposit received        0021000020000009
627021000306US1234567890123450047536155REF45472553    Utility payment         0021000020000010
627021000021FR7614508059144920036453333REF78482377    Utility payment         0021000020000011
627021000034FR7614508059144920000411129REF82544798    ACH debit settlement    0021000020000012
627021000241FR7614508059144920000459818REF82544798    Bond redemption         0021000020000013
622021000306US1234567890123450012577376REF25239216    Equity sale proceeds    0021000020000014
622026000149US1234567890123450011571037REF25239216    Wire transfer inbound   0021000020000015
622026000097US1234567890123450016191217REF25239216    Loan drawdown           0021000020000016
627026000149DE8937040044053200000448890REF93123273    Bond redemption         0021000020000017
627021000034DE8937040044053200000429020REF93123273    Intercompany transfer   0021000020000018
627026000097DE8937040044053200000390821REF93123273    ACH debit settlement    0021000020000019
627021000034AU1234567890123450048645263REF33599077    Service fee payment     0021000020000020
622026000097DE8937040044053200035328801REF58178683    Wire transfer inbound   0021000020000021
622021000306DE8937040044053200049586370REF20190599    Interest credit         0021000020000022
627026000149US1234567890123450001139248REF42271499    Trade settlement payme  0021000020000023
627026000149DE8937040044053200005162700REF41162831    Wire transfer outbound  0021000020000024
627026000097GB29NWBK6016133190014034521STREF52442069  Bond redemption         0021000020000025
820000002500650003930002019515830003395139371234567890                         021000020000001
9000001000003000000250065000393000201951583000339513937                                       
9999999999999999999999999999999999999999999999999999999999999999999999999999999999999999999999